% Bibliography

@misc{bib:TemplateInfo,
    author={Athanasakis, Theodosios},
    title={Template for University Reports in Greek},
    year={2020},
    month={7}
}

@misc{bib:Logo,
    title={Placeholder Maker},
    howpublished = {\url{https://placeholder.com/}}
}
